<?xml version="1.0" encoding="UTF-8"?><collection xmlns="http://www.loc.gov/MARC21/slim"><record><leader>00478nam--2200157-i-4500</leader><controlfield tag="001">000036483</controlfield><controlfield tag="002">20161230</controlfield><controlfield tag="005">20170113000125</controlfield><controlfield tag="008">060222s1000------------r-----000-0-eng-d</controlfield><datafield ind1=" " ind2=" " tag="100"><subfield code="a">Pollard, Harry</subfield></datafield><datafield ind1=" " ind2=" " tag="245"><subfield code="a">Ordinary differential equations. An elementary textbook for students of mathematics, engineering and the sciences</subfield></datafield><datafield ind1=" " ind2=" " tag="260"><subfield code="a">New York</subfield><subfield code="b">Harper &amp; Row</subfield><subfield code="c">1964</subfield></datafield><datafield ind1=" " ind2=" " tag="300"><subfield code="a">XVII + 808 p</subfield></datafield><datafield ind1=" " ind2=" " tag="700"><subfield code="a">Tenenbaum, Morris</subfield></datafield><datafield ind1=" " ind2=" " tag="852"><subfield code="a">34141</subfield></datafield><datafield ind1=" " ind2=" " tag="CAT"><subfield code="a">SYS</subfield><subfield code="c">20170113</subfield><subfield code="h">000125</subfield></datafield></record></collection>